%YAML 1.1
%TAG !u! tag:unity3d.com,2011:
--- !u!1 &125628
GameObject:
  m_ObjectHideFlags: 0
  m_PrefabParentObject: {fileID: 0}
  m_PrefabInternal: {fileID: 100100000}
  serializedVersion: 4
  m_Component:
  - 4: {fileID: 415010}
  - 212: {fileID: 21222592}
  - 68: {fileID: 6897468}
  - 68: {fileID: 6821272}
  m_Layer: 8
  m_Name: Ground_5
  m_TagString: Ground
  m_Icon: {fileID: 0}
  m_NavMeshLayer: 0
  m_StaticEditorFlags: 0
  m_IsActive: 1
--- !u!4 &415010
Transform:
  m_ObjectHideFlags: 1
  m_PrefabParentObject: {fileID: 0}
  m_PrefabInternal: {fileID: 100100000}
  m_GameObject: {fileID: 125628}
  m_LocalRotation: {x: 0, y: 0, z: -.0192004889, w: .999815643}
  m_LocalPosition: {x: 21.3600006, y: -13.29, z: 0}
  m_LocalScale: {x: 1, y: 1, z: 1}
  m_Children: []
  m_Father: {fileID: 0}
  m_RootOrder: 0
--- !u!68 &6821272
EdgeCollider2D:
  m_ObjectHideFlags: 1
  m_PrefabParentObject: {fileID: 0}
  m_PrefabInternal: {fileID: 100100000}
  m_GameObject: {fileID: 125628}
  m_Enabled: 1
  m_Material: {fileID: 0}
  m_IsTrigger: 0
  m_UsedByEffector: 0
  m_Offset: {x: 0, y: 0}
  m_Points:
  - {x: -1.0597496, y: 1.95467091}
  - {x: -1.06838417, y: 2.02301693}
  - {x: -.465490341, y: 2.10470486}
  - {x: .512020111, y: 2.13307858}
  - {x: 1.2277565, y: 2.02032566}
  - {x: 1.21375465, y: 1.94282532}
--- !u!68 &6897468
EdgeCollider2D:
  m_ObjectHideFlags: 1
  m_PrefabParentObject: {fileID: 0}
  m_PrefabInternal: {fileID: 100100000}
  m_GameObject: {fileID: 125628}
  m_Enabled: 1
  m_Material: {fileID: 6200000, guid: 3626fe8e008014f6bbd19bb72937b311, type: 2}
  m_IsTrigger: 0
  m_UsedByEffector: 0
  m_Offset: {x: 0, y: 0}
  m_Points:
  - {x: .0553245544, y: -2.31476402}
  - {x: -.894058228, y: -1.68276262}
  - {x: -1.23305321, y: -.648958206}
  - {x: -1.06612897, y: 2.02123976}
  - {x: -.464406967, y: 2.07057476}
  - {x: .530078888, y: 2.085989}
  - {x: 1.22513807, y: 2.01541424}
  - {x: 1.07465935, y: -1.75778246}
  - {x: .215938568, y: -2.31476307}
--- !u!212 &21222592
SpriteRenderer:
  m_ObjectHideFlags: 1
  m_PrefabParentObject: {fileID: 0}
  m_PrefabInternal: {fileID: 100100000}
  m_GameObject: {fileID: 125628}
  m_Enabled: 1
  m_CastShadows: 0
  m_ReceiveShadows: 0
  m_Materials:
  - {fileID: 10754, guid: 0000000000000000e000000000000000, type: 0}
  m_SubsetIndices: 
  m_StaticBatchRoot: {fileID: 0}
  m_UseLightProbes: 1
  m_ReflectionProbeUsage: 1
  m_ProbeAnchor: {fileID: 0}
  m_ScaleInLightmap: 1
  m_PreserveUVs: 0
  m_ImportantGI: 0
  m_AutoUVMaxDistance: .5
  m_AutoUVMaxAngle: 89
  m_LightmapParameters: {fileID: 0}
  m_SortingLayerID: 0
  m_SortingOrder: 2
  m_Sprite: {fileID: 21300000, guid: 0a918a0e3c3695043a3607f98c5d62f8, type: 3}
  m_Color: {r: 1, g: 1, b: 1, a: 1}
--- !u!1001 &100100000
Prefab:
  m_ObjectHideFlags: 1
  serializedVersion: 2
  m_Modification:
    m_TransformParent: {fileID: 0}
    m_Modifications: []
    m_RemovedComponents: []
  m_ParentPrefab: {fileID: 0}
  m_RootGameObject: {fileID: 125628}
  m_IsPrefabParent: 1
